<record><leader>00000cas a22000007a 4500</leader><controlfield tag="001">13148695</controlfield><controlfield tag="008">860213d19231927wvuwr ne      0    0eng d</controlfield><datafield ind1=" " ind2=" " tag="010"><subfield code="a">sn 86092215 </subfield></datafield><datafield ind1=" " ind2=" " tag="040"><subfield code="a">WVC</subfield><subfield code="b">eng</subfield><subfield code="c">WVC</subfield><subfield code="d">OCL</subfield><subfield code="d">OCLCQ</subfield></datafield><datafield ind1=" " ind2=" " tag="042"><subfield code="a">msc</subfield></datafield><datafield ind1="0" ind2=" " tag="130"><subfield code="a">Advance (Richwood, W. Va.)</subfield></datafield><datafield ind1="1" ind2="4" tag="245"><subfield code="a">The advance.</subfield></datafield><datafield ind1=" " ind2=" " tag="260"><subfield code="a">Richwood, W. Va. :</subfield><subfield code="b">Donee Cook Printery</subfield></datafield><datafield ind1=" " ind2=" " tag="300"><subfield code="a">v.</subfield></datafield><datafield ind1=" " ind2=" " tag="310"><subfield code="a">Weekly</subfield></datafield><datafield ind1="1" ind2=" " tag="362"><subfield code="a">Began in 1923?; ceased in 1927?</subfield></datafield><datafield ind1=" " ind2=" " tag="500"><subfield code="a">"Prohibition."</subfield></datafield><datafield ind1=" " ind2=" " tag="500"><subfield code="a">Editor: Donee Cook.</subfield></datafield><datafield ind1=" " ind2=" " tag="588"><subfield code="a">Description based on: Vol. 2, no. 8 (Aug. 25, 1925).</subfield></datafield><datafield ind1=" " ind2=" " tag="752"><subfield code="a">United States</subfield><subfield code="b">West Virginia</subfield><subfield code="c">Nicholas</subfield><subfield code="d">Richwood.</subfield></datafield></record>